@article{Salemi:2019ovz,
    author = {{LIGO Scientific and Virgo Collaborations}},
    collaboration = "LIGO Scientific, Virgo",
    title = "{Search for intermediate mass black hole binaries in the first and second observing runs of the Advanced LIGO and Virgo network}",
    eprint = "1906.08000",
    archivePrefix = "arXiv",
    primaryClass = "gr-qc",
    reportNumber = "LIGO-P1900045",
    doi = "10.1103/PhysRevD.100.064064",
    journal = "Phys. Rev. D",
    volume = "100",
    number = "6",
    pages = "064064",
    year = "2019"
}

@article{Abbott:2019ebz,
    author ={{LIGO Scientific and Virgo Collaborations}},
    collaboration = "LIGO Scientific, Virgo",
    title = "{Open data from the first and second observing runs of Advanced LIGO and Advanced Virgo}",
    eprint = "1912.11716",
    archivePrefix = "arXiv",
    primaryClass = "gr-qc",
    reportNumber = "LIGO-P1900206",
    month = "12",
    year = "2019"
}

@article{LIGOScientific:2020stg,
    author = {{LIGO Scientific and Virgo Collaborations}},
    collaboration = "LIGO Scientific, Virgo",
    title = "{GW190412: Observation of a Binary-Black-Hole Coalescence with Asymmetric Masses}",
    eprint = "2004.08342",
    archivePrefix = "arXiv",
    primaryClass = "astro-ph.HE",
    reportNumber = "LIGO-P190412",
    doi = "10.1103/PhysRevD.102.043015",
    journal = "Phys. Rev. D",
    volume = "102",
    number = "4",
    pages = "043015",
    year = "2020"
}

@article{Abbott:2020khf,
    author = {{LIGO Scientific and Virgo Collaborations}},
    collaboration = "LIGO Scientific, Virgo",
    title = "{GW190814: Gravitational Waves from the Coalescence of a 23 Solar Mass Black Hole with a 2.6 Solar Mass Compact Object}",
    eprint = "2006.12611",
    archivePrefix = "arXiv",
    primaryClass = "astro-ph.HE",
    reportNumber = "LIGO-P190814",
    doi = "10.3847/2041-8213/ab960f",
    journal = "Astrophys. J. Lett.",
    volume = "896",
    number = "2",
    pages = "L44",
    year = "2020"
}

@article{Abbott:2020tfl,
    author ={{LIGO Scientific and Virgo Collaborations}},
    collaboration = "LIGO Scientific, Virgo",
    title = "{GW190521: A Binary Black Hole Merger with a Total Mass of $150  M_{\odot}$}",
    eprint = "2009.01075",
    archivePrefix = "arXiv",
    primaryClass = "gr-qc",
    doi = "10.1103/PhysRevLett.125.101102",
    journal = "Phys. Rev. Lett.",
    volume = "125",
    number = "10",
    pages = "101102",
    year = "2020"
}

@article{Abbott:2020mjq,
    author = {{LIGO Scientific and Virgo Collaborations}},
    collaboration = "LIGO Scientific, Virgo",
    title = "{Properties and Astrophysical Implications of the 150 M$_\odot$ Binary Black Hole Merger GW190521}",
    eprint = "2009.01190",
    archivePrefix = "arXiv",
    primaryClass = "astro-ph.HE",
    reportNumber = "LIGO-P2000021",
    doi = "10.3847/2041-8213/aba493",
    journal = "Astrophys. J. Lett.",
    volume = "900",
    number = "1",
    pages = "L13",
    year = "2020"
}

@article{Abbott:2020niy,
    author = {{LIGO Scientific and Virgo Collaborations}},
    collaboration = "LIGO Scientific, Virgo",
    title = "{GWTC-2: Compact Binary Coalescences Observed by LIGO and Virgo During the First Half of the Third Observing Run}",
    eprint = "2010.14527",
    archivePrefix = "arXiv",
    primaryClass = "gr-qc",
    reportNumber = "P2000061",
    month = "10",
    year = "2020"
}

@article{Abbott:2020jks,
    author = {{LIGO Scientific and Virgo Collaborations}},
    collaboration = "LIGO Scientific, Virgo",
    title = "{Tests of General Relativity with Binary Black Holes from the second LIGO-Virgo Gravitational-Wave Transient Catalog}",
    eprint = "2010.14529",
    archivePrefix = "arXiv",
    primaryClass = "gr-qc",
    reportNumber = "LIGO-P2000091",
    month = "10",
    year = "2020"
}

@article{Abbott:2020gyp,
    author = {{LIGO Scientific and Virgo Collaborations}},
    collaboration = "LIGO Scientific, Virgo",
    title = "{Population Properties of Compact Objects from the Second LIGO-Virgo Gravitational-Wave Transient Catalog}",
    eprint = "2010.14533",
    archivePrefix = "arXiv",
    primaryClass = "astro-ph.HE",
    reportNumber = "LIGO-P2000077",
    month = "10",
    year = "2020"
}

@article{Abbott:2020yvp,
    author = {{LIGO Scientific and Virgo Collaborations}},
    collaboration = "LIGO Scientific, Virgo",
    title = "{Search for Gravitational Waves Associated with Gamma-Ray Bursts Detected by Fermi and Swift During the LIGO-Virgo Run O3a}",
    eprint = "2010.14550",
    archivePrefix = "arXiv",
    primaryClass = "astro-ph.HE",
    reportNumber = "LIGO-P2000040",
    month = "10",
    year = "2020"
}

@ARTICLE{2017ApJ...843..141F,
       author = {{Ferguson}, Deborah and {Gardner}, Susan and {Yanny}, Brian},
        title = "{Milky Way Tomography with K and M Dwarf Stars: The Vertical Structure of the Galactic Disk}",
      journal = "Astrophys. J.",
     keywords = {galaxies: evolution, galaxies: structure, Astrophysics - Astrophysics of Galaxies},
         year = 2017,
        month = jul,
       volume = {843},
       number = {2},
          eid = {141},
        pages = {141},
          doi = {10.3847/1538-4357/aa77fd},
archivePrefix = {arXiv},
       eprint = {1706.01900},
 primaryClass = {astro-ph.GA},
       adsurl = {https://ui.adsabs.harvard.edu/abs/2017ApJ...843..141F},
      adsnote = {Provided by the SAO/NASA Astrophysics Data System}
}

@article{Heal:2017abq,
    author = "Healy, J. and others",
    title = "{Targeted numerical simulations of binary black holes for GW170104}",
    eprint = "1712.05836",
    archivePrefix = "arXiv",
    primaryClass = "gr-qc",
    doi = "10.1103/PhysRevD.97.064027",
    journal = "Phys. Rev. D",
    volume = "97",
    number = "6",
    pages = "064027",
    year = "2018"
}

@article{Ferguson:2019slp,
    author = "Ferguson, Deborah and Ghonge, Sudarshan and Clark, James A. and Calderon Bustillo, Juan and Laguna, Pablo and Shoemaker, Deirdre and Calderon Bustillo, Juan",
    title = "{Measuring Spin of the Remnant Black Hole from Maximum Amplitude}",
    eprint = "1905.03756",
    archivePrefix = "arXiv",
    primaryClass = "gr-qc",
    doi = "10.1103/PhysRevLett.123.151101",
    journal = "Phys. Rev. Lett.",
    volume = "123",
    number = "15",
    pages = "151101",
    year = "2019"
}

@article{Evans:2020lbq,
    author = "Evans, Christopher and Ferguson, Deborah and Khamesra, Bhavesh and Laguna, Pablo and Shoemaker, Deirdre",
    title = "{Inside the Final Black Hole: Puncture and Trapped Surface Dynamics}",
    eprint = "2004.11979",
    archivePrefix = "arXiv",
    primaryClass = "gr-qc",
    doi = "10.1088/1361-6382/ab9c6b",
    journal = "Class. Quant. Grav.",
    volume = "37",
    number = "15",
    pages = "15LT02",
    year = "2020"
}

@article{Ferguson:2020xnm,
    author = "Ferguson, Deborah and Jani, Karan and Laguna, Pablo and Shoemaker, Deirdre",
    title = "{Assessing the Readiness of Numerical Relativity for LISA and 3G Detectors}",
    eprint = "2006.04272",
    archivePrefix = "arXiv",
    primaryClass = "gr-qc",
    month = "6",
    year = "2020"
}